@Misc{zcash,
  author =       "Daira Hopwood, Sean Bowe, Taylor Hornby, Nathan Wilcox",
  title =        "Zcash Protocol Specification",
  year =         2018,
  howpublished = "\url{https://github.com/zcash/zips/raw/master/protocol/protocol.pdf}",
  %note =         "\url{http://eprint.iacr.org/2010/503}",
}